<record><leader>00000cas a22000007a 4500</leader><controlfield tag="001">13015568</controlfield><controlfield tag="008">860113u1964uuuunjuwr ne      0    0eng d</controlfield><datafield ind1=" " ind2=" " tag="010"><subfield code="a">sn 86077012 </subfield></datafield><datafield ind1=" " ind2=" " tag="040"><subfield code="a">NPA</subfield><subfield code="b">eng</subfield><subfield code="c">NPA</subfield><subfield code="d">NJW</subfield><subfield code="d">OCLCQ</subfield></datafield><datafield ind1=" " ind2=" " tag="042"><subfield code="a">msc</subfield></datafield><datafield ind1="0" ind2=" " tag="130"><subfield code="a">South River spokesman (1964)</subfield></datafield><datafield ind1="1" ind2="0" tag="245"><subfield code="a">South River spokesman.</subfield></datafield><datafield ind1=" " ind2=" " tag="260"><subfield code="a">East Brunswick, N.J. :</subfield><subfield code="b">Sentinel Pub. Co.,</subfield><subfield code="c">1964-</subfield></datafield><datafield ind1=" " ind2=" " tag="300"><subfield code="a">v. :</subfield><subfield code="b">ill.</subfield></datafield><datafield ind1=" " ind2=" " tag="310"><subfield code="a">Weekly</subfield></datafield><datafield ind1="0" ind2=" " tag="362"><subfield code="a">Vol. 44, no. 14 (Apr. 8, 1964)-</subfield></datafield><datafield ind1=" " ind2=" " tag="530"><subfield code="a">Also issued on microfilm by the Rutgers University Libraries.</subfield></datafield><datafield ind1=" " ind2=" " tag="752"><subfield code="a">United States</subfield><subfield code="b">New Jersey</subfield><subfield code="c">Middlesex</subfield><subfield code="d">South River.</subfield></datafield><datafield ind1=" " ind2=" " tag="752"><subfield code="a">United States</subfield><subfield code="b">New Jersey</subfield><subfield code="c">Middlesex</subfield><subfield code="d">East Brunswick.</subfield></datafield><datafield ind1="0" ind2="0" tag="780"><subfield code="t">Spokesman (South River, N.J. : 1954)</subfield><subfield code="w">(DLC)sn 86077011</subfield></datafield><datafield ind1="1" ind2=" " tag="029"><subfield code="a">AU@</subfield><subfield code="b">000025805603</subfield></datafield></record>